@article{ilmoniemi99,
  title={Transcranial magnetic stimulation-a new tool for functional imaging of the brain},
  author={Ilmoniemi, Risto J and Ruohonen, Jarmo and Karhu, Jari},
  journal={Critical reviews in biomedical engineering},
  volume={27},
  number={3-5},
  pages={241--284},
  year={1999},
  publisher={Boca Raton, Fla.: CRC Press, 1981-}
}

